<record><leader>00000cas a22000007a 4500</leader><controlfield tag="001">13051120</controlfield><controlfield tag="008">860123d18891906iduwr ne      0   a0eng d</controlfield><datafield ind1=" " ind2=" " tag="010"><subfield code="a">sn 86091060 </subfield></datafield><datafield ind1=" " ind2=" " tag="040"><subfield code="a">UNP</subfield><subfield code="b">eng</subfield><subfield code="c">UNP</subfield><subfield code="d">NVB</subfield><subfield code="d">OCLCQ</subfield><subfield code="d">OCLCF</subfield><subfield code="d">OCLCO</subfield><subfield code="d">DLC</subfield></datafield><datafield ind1="0" ind2=" " tag="022"><subfield code="a">2574-8831</subfield><subfield code="2">1</subfield></datafield><datafield ind1=" " ind2=" " tag="042"><subfield code="a">msc</subfield><subfield code="a">nsdp</subfield></datafield><datafield ind1=" " ind2=" " tag="043"><subfield code="a">n-us-id</subfield></datafield><datafield ind1="0" ind2="0" tag="050"><subfield code="a">Newspaper</subfield></datafield><datafield ind1=" " ind2="4" tag="050"><subfield code="a">AN2.I2</subfield><subfield code="b">E45</subfield></datafield><datafield ind1="1" ind2="0" tag="082"><subfield code="a">071</subfield><subfield code="2">23</subfield></datafield><datafield ind1=" " ind2="0" tag="222"><subfield code="a">Elmore bulletin</subfield><subfield code="b">(Print)</subfield></datafield><datafield ind1="0" ind2="0" tag="245"><subfield code="a">Elmore bulletin.</subfield></datafield><datafield ind1=" " ind2=" " tag="260"><subfield code="a">Rocky Bar, Idaho :</subfield><subfield code="b">G.M. Payne</subfield></datafield><datafield ind1=" " ind2=" " tag="300"><subfield code="a">v. :</subfield><subfield code="b">ill.</subfield></datafield><datafield ind1=" " ind2=" " tag="310"><subfield code="a">Weekly</subfield></datafield><datafield ind1="0" ind2=" " tag="362"><subfield code="a">Vol. 1, no. 1 (June 1, 1889)-</subfield></datafield><datafield ind1="1" ind2=" " tag="362"><subfield code="a">Ceased with May 3, 1906 issue.</subfield></datafield><datafield ind1=" " ind2=" " tag="500"><subfield code="a">Published in: Mountain Home, June 19, 1892-&lt;June 1, 1905&gt;.</subfield></datafield><datafield ind1=" " ind2=" " tag="530"><subfield code="a">Archived issues are available in digital format from the Library of Congress Chronicling America online collection.</subfield></datafield><datafield ind1=" " ind2="0" tag="651"><subfield code="a">Rocky Bar (Idaho)</subfield><subfield code="v">Newspapers.</subfield></datafield><datafield ind1=" " ind2="0" tag="651"><subfield code="a">Mountain Home (Idaho)</subfield><subfield code="v">Newspapers.</subfield></datafield><datafield ind1=" " ind2="7" tag="651"><subfield code="a">Idaho</subfield><subfield code="z">Mountain Home.</subfield><subfield code="2">fast</subfield><subfield code="0">(OCoLC)fst01220477</subfield></datafield><datafield ind1=" " ind2="7" tag="651"><subfield code="a">Idaho</subfield><subfield code="z">Rocky Bar.</subfield><subfield code="2">fast</subfield><subfield code="0">(OCoLC)fst01866405</subfield></datafield><datafield ind1=" " ind2="7" tag="655"><subfield code="a">Newspapers.</subfield><subfield code="2">fast</subfield><subfield code="0">(OCoLC)fst01423814</subfield></datafield><datafield ind1=" " ind2=" " tag="752"><subfield code="a">United States</subfield><subfield code="b">Idaho</subfield><subfield code="c">Elmore</subfield><subfield code="d">Rocky Bar.</subfield></datafield><datafield ind1=" " ind2=" " tag="752"><subfield code="a">United States</subfield><subfield code="b">Idaho</subfield><subfield code="c">Elmore</subfield><subfield code="d">Mountain Home.</subfield></datafield><datafield ind1="0" ind2="8" tag="776"><subfield code="i">Online version:</subfield><subfield code="t">Elmore bulletin</subfield><subfield code="x">2574-884X</subfield><subfield code="w">(DLC)  2017218646</subfield><subfield code="w">(OCoLC)1003488661</subfield></datafield><datafield ind1="0" ind2="0" tag="780"><subfield code="t">Mountain Home bulletin</subfield><subfield code="x">2574-8807</subfield><subfield code="w">(DLC)sn 89055030</subfield><subfield code="w">(OCoLC)19092850</subfield></datafield><datafield ind1="0" ind2="0" tag="785"><subfield code="t">Mountain Home maverick</subfield><subfield code="w">(DLC)sn 86091063</subfield><subfield code="w">(OCoLC)13051931</subfield></datafield><datafield ind1="4" ind2="1" tag="856"><subfield code="u">http://chroniclingamerica.loc.gov/lccn/sn86091060/issues/</subfield></datafield><datafield ind1="1" ind2=" " tag="029"><subfield code="a">AU@</subfield><subfield code="b">000025794135</subfield></datafield></record>